@article{LightningStrikes,
  title={Lightning Strikes, But Select Hubs Dominate Network Funds},
  author={diar.co},
  volume=2,
  issue=25,
  month=jun,
  year=2018,
  howpublished = {\url{https://diar.co/volume-2-issue-25/}},
  note = "[Online; accessed 11-April-2019]"
}

@misc{TNW,
  title={Lightning Network has 1\% success rate with transactions larger than \$200, controversial research says},
  author={thenextweb.com},
  howpublished = {\url{https://thenextweb.com/hardfork/2018/06/26/lighting-network-transactions/}},
  month=jun,
  year=2018,
  note = "[Online; accessed 11-April-2019]"
}


@misc{dirouting,
  title={Routing payments on the Lightning Network},
  author={Di Stasi, Giovanni and Avallone, Stefano and Canonico, Roberto and Ventre, Giorgio},
  	howpublished = {\url{http://wpage.unina.it/giovanni.distasi/pub/blockchain2018-main.pdf}},
	note = "[Online; accessed 11-April-2019]"
}

@misc{Interledger,
	title = {{Interledger}},
	author = "Interledger W3C Community Group",
	howpublished = {\url{https://interledger.org/}},
	note = "[Online; accessed 14-November-2018]"
}


@misc{poon2016bitcoin,
  author = {Joseph Poon and Thaddeus Dryja},
  title = {The bitcoin lightning network: Scalable Off-Chain Instant Payments},
  year = {2016},
  note = {Accessed: 2019-03-18},
  url = {https://lightning.network/lightning-network-paper.pdf},
}

@misc{ln-spec,
	author = {{Lightning Network}},
	title = {{Lightning Network In-Progress Specifications}},
	howpublished = "\url{https://github.com/lightningnetwork/lightning-rfc}",
	note = "[Online; accessed 11-April-2019]"
}


@misc{BOLT_2_channel_management,
	author = {{Lightning Network}},
	title = {{BOLT \#2: Peer Protocol for Channel Management}},
	howpublished = "\url{https://github.com/lightningnetwork/lightning-rfc/blob/master/02-peer-protocol.md}",
	year = {2019},
	month={Feb},
	_day={03},
}

@misc{BOLT_4_onion_routing,
	author = {{Lightning Network}},
	title = {{BOLT \#4: Onion Routing Protocol}},
	howpublished = "\url{https://github.com/lightningnetwork/lightning-rfc/blob/master/04-onion-routing.md}",
	note = "[Online; accessed 11-April-2019]"
}

@misc{BOLT_5_transaction_handling,
	author = {{Lightning Network}},
	title = {{BOLT \#5: Recommendations for On-chain Transaction Handling}},
	howpublished = "\url{https://github.com/lightningnetwork/lightning-rfc/blob/master/05-onchain.md}",
	year = {2019},
	month={Jan},
	_day={03},
}


@misc{BOLT_7_routing_gossip,
	author = {{Lightning Network}},
	title = {{BOLT \#7: P2P Node and Channel Discovery}},
	howpublished = "\url{https://github.com/lightningnetwork/lightning-rfc/blob/master/07-routing-gossip.md}",
	year = {2019},
	month={Jan},
	_day={03},
}

@misc{lndDaemon,
  author = {},
  title = {Lightning Network Daemon},
  _year = {2019},
  note = {Accessed: 2019-03-18},
  url = {https://github.com/lightningnetwork/lnd},
}
